<?xml version="1.0" encoding="UTF-8"?><record xmlns="http://www.loc.gov/MARC21/slim" xmlns:cinclude="http://apache.org/cocoon/include/1.0" xmlns:zs="http://www.loc.gov/zing/srw/">
  <leader>02347cz  a2200289n  4500</leader>
  <controlfield tag="001">no 94035478 </controlfield>
  <controlfield tag="003">DLC</controlfield>
  <controlfield tag="005">20130801145122.0</controlfield>
  <controlfield tag="008">941007n| azannaabn          |a ana     c</controlfield>
  <datafield tag="010" ind1=" " ind2=" ">
    <subfield code="a">no 94035478 </subfield>
  </datafield>
  <datafield tag="035" ind1=" " ind2=" ">
    <subfield code="a">(OCoLC)oca03700154</subfield>
  </datafield>
  <datafield tag="040" ind1=" " ind2=" ">
    <subfield code="a">MoSU-L</subfield>
    <subfield code="b">eng</subfield>
    <subfield code="e">rda</subfield>
    <subfield code="c">MoSU-L</subfield>
    <subfield code="d">DLC</subfield>
    <subfield code="d">WaU</subfield>
    <subfield code="d">OCoLC</subfield>
    <subfield code="d">MWA</subfield>
    <subfield code="d">DLC</subfield>
  </datafield>
  <datafield tag="043" ind1=" " ind2=" ">
    <subfield code="a">n-us-ks</subfield>
    <subfield code="a">n-us-nb</subfield>
  </datafield>
  <datafield tag="151" ind1=" " ind2=" ">
    <subfield code="a">Sac &amp; Fox Nation of Missouri in Kansas and Nebraska</subfield>
  </datafield>
  <datafield tag="451" ind1=" " ind2=" ">
    <subfield code="a">Sac and Fox Nation of Missouri in Kansas and Nebraska</subfield>
  </datafield>
  <datafield tag="451" ind1=" " ind2=" ">
    <subfield code="a">Sac and Fox Tribe of Missouri of the Sac and Fox Reservation in Kansas and Nebraska</subfield>
  </datafield>
  <datafield tag="451" ind1=" " ind2=" ">
    <subfield code="a">Sac and Fox of Kansas and Nebraska</subfield>
  </datafield>
  <datafield tag="451" ind1=" " ind2=" ">
    <subfield code="a">Sac and Fox of the Missouri Tribe of Indians</subfield>
  </datafield>
  <datafield tag="551" ind1=" " ind2=" ">
    <subfield code="w">a</subfield>
    <subfield code="a">Sac and Fox Tribe of Missouri</subfield>
  </datafield>
  <datafield tag="670" ind1=" " ind2=" ">
    <subfield code="a">Corporate charter of the Sac and Fox Tribe of Missouri of the Sac and Fox Reservation in Kansas and Nebraska, 1937:</subfield>
    <subfield code="b">p. 1 (Sac and Fox Tribe of Missouri of the Sac and Fox Reservation in Kansas and Nebraska; corporate name: The Sac and Fox Tribe of Missouri)</subfield>
  </datafield>
  <datafield tag="670" ind1=" " ind2=" ">
    <subfield code="a">Constitution and by-laws of the Sac and Fox Tribe of Missouri of the Sac and Fox Reservation in Kansas and Nebraska, 1937:</subfield>
    <subfield code="b">p. 1 (Sac and Fox Tribe ... in Kansas and Nebraska)</subfield>
  </datafield>
  <datafield tag="670" ind1=" " ind2=" ">
    <subfield code="a">Ref. ency. of the Am. Indian, c1986:</subfield>
    <subfield code="b">p. 38, etc. (Sac and Fox of the Missouri; Sac and Fox of Kansas and Nebraska)</subfield>
  </datafield>
  <datafield tag="670" ind1=" " ind2=" ">
    <subfield code="a">Letter from the Secretary of the Interior, 1890:</subfield>
    <subfield code="b">p. 1 (Sac and Fox of the Missouri Tribe of Indians)</subfield>
  </datafield>
  <datafield tag="670" ind1=" " ind2=" ">
    <subfield code="a">BIA Indian Entities, 2003, Apr. 25, 2005</subfield>
    <subfield code="b">(Sac &amp; Fox Nation of Missouri in Kansas and Nebraska)</subfield>
  </datafield>
  <datafield tag="670" ind1=" " ind2=" ">
    <subfield code="a">Its Treaty between the United States of America and the Confederated Tribes of Sac &amp; Fox Indians. Concluded Sept. 28, 1836. Ratified Feb. 27, 1837, 1837.</subfield>
  </datafield>
  <datafield tag="670" ind1=" " ind2=" ">
    <subfield code="a">Sac and Fox Nation of Missouri in Kansas and Nebraska, WWW site, May 22, 2006:</subfield>
    <subfield code="b">Tribal History (Treaty of 1815 officially named Sac and Fox Nation of Missouri as distinct tribe and they were removed to northeastern Missouri from Iowa and Illinois; 1824 removed to Platte Valley northwest of Missouri River; Treaty of 1837 removed the Sac and Fox Nation of Missouri to Kansas across the Missouri River to the Great Nemaha reservation in Doniphan and Brown counties; became officially known as the Sac and Fox Nation of Missouri in Kansas and Nebraska)</subfield>
  </datafield>
  <datafield tag="781" ind1=" " ind2="0">
    <subfield code="z">Sac &amp; Fox Nation of Missouri in Kansas and Nebraska</subfield>
  </datafield>
</record>